<?xml version="1.0" encoding="UTF-8"?><collection xmlns="http://www.loc.gov/MARC21/slim"><record><leader>00381nam--2200133-i-4500</leader><controlfield tag="001">000022933</controlfield><controlfield tag="002">20161230</controlfield><controlfield tag="005">20161230201034</controlfield><controlfield tag="008">060222s1000------------r-----000-0-eng-d</controlfield><datafield ind1=" " ind2=" " tag="080"><subfield code="a">681.14:621.374.3</subfield></datafield><datafield ind1=" " ind2=" " tag="100"><subfield code="a">Hoeschele, David F</subfield></datafield><datafield ind1=" " ind2=" " tag="245"><subfield code="a">Analog-to-digital/digital-to-analog conversion techniques</subfield></datafield><datafield ind1=" " ind2=" " tag="260"><subfield code="a">New York, John  Wiley &amp; Sons, Inc., 1968, Xv + 455p</subfield></datafield><datafield ind1=" " ind2=" " tag="852"><subfield code="a">32160</subfield></datafield></record></collection>